%% This BibTeX bibliography file was created using BibDesk.
%% http://bibdesk.sourceforge.net/


%% Created for Ronny Bergmann at 2013-08-04 18:55:25 +0200 


%% Saved with string encoding Unicode (UTF-8) 



@article{TestEntry,
	Author = {Doe, John},
	Date-Added = {2013-08-04 18:54:11 +0200},
	Date-Modified = {2013-08-04 18:54:57 +0200},
	Journal = {Journal of General Testing},
	Title = {Scientific articles are just testing things.},
	Year = {2013}}
